<record><leader>00000cas a2200000 a 4500</leader><controlfield tag="001">12717671</controlfield><controlfield tag="008">851025d18901893ksuwr ne      0    0eng d</controlfield><datafield ind1=" " ind2=" " tag="010"><subfield code="a">sn 85029758 </subfield></datafield><datafield ind1=" " ind2=" " tag="040"><subfield code="a">KSH</subfield><subfield code="b">eng</subfield><subfield code="c">KSH</subfield><subfield code="d">NPT</subfield><subfield code="d">OCL</subfield><subfield code="d">OCLCQ</subfield></datafield><datafield ind1=" " ind2=" " tag="042"><subfield code="a">msc</subfield></datafield><datafield ind1="0" ind2="4" tag="245"><subfield code="a">The Pioneer-bulletin.</subfield></datafield><datafield ind1="1" ind2="3" tag="246"><subfield code="a">Smith County pioneer and pioneer-bulletin</subfield><subfield code="f">Mar. 10-Apr. 13, 1893</subfield></datafield><datafield ind1=" " ind2=" " tag="260"><subfield code="a">Smith Centre, Kan. :</subfield><subfield code="b">Beacom &amp; Royce,</subfield><subfield code="c">1890-1893.</subfield></datafield><datafield ind1=" " ind2=" " tag="300"><subfield code="a">3 v. :</subfield><subfield code="b">ill. ;</subfield><subfield code="c">56 cm.</subfield></datafield><datafield ind1=" " ind2=" " tag="310"><subfield code="a">Weekly</subfield></datafield><datafield ind1="0" ind2=" " tag="362"><subfield code="a">Vol. 1, no. 1 (July 24, 1890)-v. 1, no. 12 (Oct. 9, 1890) ; v. 18, no. 47 (Oct. 16, 1890)-v. 21, no. 21 (Apr. 13, 1893).</subfield></datafield><datafield ind1=" " ind2=" " tag="500"><subfield code="a">Published by Beacom &amp; Nelson, Sept. 18, 1890-Nov. 26, 1891; Nelson &amp; Royce, Dec. 3, 1891-Feb. 9, 1893; W.H. Nelson, Feb. 16-Apr. 13, 1893.</subfield></datafield><datafield ind1=" " ind2=" " tag="500"><subfield code="a">"Republican."</subfield></datafield><datafield ind1=" " ind2=" " tag="752"><subfield code="a">United States</subfield><subfield code="b">Kansas</subfield><subfield code="c">Smith</subfield><subfield code="d">Smith Center.</subfield></datafield><datafield ind1="0" ind2="4" tag="780"><subfield code="t">Weekly Kansas pioneer</subfield><subfield code="w">(DLC)sn 85029772</subfield></datafield><datafield ind1="0" ind2="4" tag="780"><subfield code="t">Smith County bulletin</subfield><subfield code="w">(DLC)sn 85029761</subfield></datafield><datafield ind1="0" ind2="0" tag="785"><subfield code="t">Smith County pioneer (Smith Centre, Kan. : 1893)</subfield><subfield code="w">(DLC)sn 85029763</subfield></datafield><datafield ind1="1" ind2=" " tag="029"><subfield code="a">AU@</subfield><subfield code="b">000022172312</subfield></datafield></record>